<record><leader>00000cas a22000007a 4500</leader><controlfield tag="001">13147355</controlfield><controlfield tag="008">860213d187u1877nyuwr ne      0    0eng d</controlfield><datafield ind1=" " ind2=" " tag="010"><subfield code="a">sn 86053080 </subfield></datafield><datafield ind1=" " ind2=" " tag="040"><subfield code="a">NPX</subfield><subfield code="b">eng</subfield><subfield code="c">NPX</subfield><subfield code="d">NYS</subfield><subfield code="d">OCLCQ</subfield></datafield><datafield ind1=" " ind2=" " tag="042"><subfield code="a">msc</subfield></datafield><datafield ind1="0" ind2=" " tag="130"><subfield code="a">Sunday news (Syracuse, N.Y.)</subfield></datafield><datafield ind1="1" ind2="4" tag="245"><subfield code="a">The Sunday news.</subfield></datafield><datafield ind1=" " ind2=" " tag="260"><subfield code="a">Syracuse, N.Y. :</subfield><subfield code="b">H.C. Mills &amp; Co.</subfield></datafield><datafield ind1=" " ind2=" " tag="300"><subfield code="a">v. :</subfield><subfield code="b">ill.</subfield></datafield><datafield ind1=" " ind2=" " tag="310"><subfield code="a">Weekly</subfield></datafield><datafield ind1="1" ind2=" " tag="362"><subfield code="a">Ceased in 1877?</subfield><subfield code="z">Cf. Lodder, G.B. Summary of newspapers pub. in Onondaga Co., N.Y. to 1900. Typescript at Amer. Antiquarian Society.</subfield></datafield><datafield ind1=" " ind2=" " tag="500"><subfield code="a">Publisher: Sunday News Pub. Co., &lt;1876-1877&gt;.</subfield></datafield><datafield ind1=" " ind2=" " tag="580"><subfield code="a">Continued by: Sunday sun (Syracuse, N.Y.) (non-extant?). Cf. Lodder, G.B. Summary of newspapers pub. in Onondaga Co., N.Y. to 1900. Typescript at Amer. Antiquarian Society.</subfield></datafield><datafield ind1=" " ind2=" " tag="588"><subfield code="a">Description based on: Vol. 3, no. 13 (Nov. 14, 1874).</subfield></datafield><datafield ind1=" " ind2="4" tag="651"><subfield code="a">Syracuse (N.Y.)</subfield><subfield code="v">Newspapers.</subfield></datafield><datafield ind1=" " ind2=" " tag="752"><subfield code="a">United States</subfield><subfield code="b">New York</subfield><subfield code="c">Onondaga</subfield><subfield code="d">Syracuse.</subfield></datafield><datafield ind1="0" ind2="0" tag="780"><subfield code="t">Syracuse Sunday news</subfield><subfield code="w">(DLC)sn 83031908</subfield></datafield><datafield ind1="1" ind2="0" tag="785"><subfield code="t">Sunday sun (Syracuse, N.Y.)</subfield></datafield><datafield ind1="1" ind2=" " tag="029"><subfield code="a">AU@</subfield><subfield code="b">000025785836</subfield></datafield></record>